@ARTICLE{SGP,
author={Harnad, S.},
title={The symbol grounding problem},
journal={Physica D: Nonlinear Phenomena},
year={1990},
volume={42},
number={1-3},
pages={335-346},
doi={10.1016/0167-2789(90)90087-6},}

Harnadin (1990) tutkielma tarkasteli mielen symbolista mallintamista ja määritteli symbolin maadoittamisen ongelman. Tutkielmassaan Harnad esitteli ratkaisuehdotuksen ongelmalleen: Symboliset esitykset tulee maadoitaa alhaalta ylös epäsymbolisina esityksinä, joko  niin kutsuttuina "ikonisina esityksinä" tai "kategorisina esityksinä". Ikoninen tässä yhteydessä tarkoitti sensorillista projektiota kappaleesta ja kategorinen puolestaan sensoriste projektioiden ominaisuuksien luokittelua.

Tähän voi kirjoittaa muutakin tekstiä halutessaan muistiinpanoiksi yms.

*Seuraava bibi tähän*
